@inproceedings{stilman2007task,
  title={Task constrained motion planning in robot joint space},
  author={Stilman, Mike},
  booktitle={Intelligent Robots and Systems, 2007. IROS 2007. IEEE/RSJ International Conference on},
  pages={3074--3081},
  year={2007},
  organization={IEEE}
}@inproceedings{kunz2012manipulation,
  title={Manipulation planning with soft task constraints},
  author={Kunz, Tobias and Stilman, Mike},
  booktitle={Intelligent Robots and Systems (IROS), 2012 IEEE/RSJ International Conference on},
  pages={1937--1942},
  year={2012},
  organization={IEEE}
}@article{reif1994motion,
  title={Motion planning in the presence of moving obstacles},
  author={Reif, John and Sharir, Micha},
  journal={Journal of the ACM (JACM)},
  volume={41},
  number={4},
  pages={764--790},
  year={1994},
  publisher={ACM}
}@inproceedings{bandyophadyay2010simple,
  title={A simple reactive obstacle avoidance algorithm and its application in singapore harbor},
  author={Bandyophadyay, Tirthankar and Sarcione, Lynn and Hover, Franz S},
  booktitle={Field and Service Robotics},
  pages={455--465},
  year={2010},
  organization={Springer}
}@article{fiorini1998motion,
  title={Motion planning in dynamic environments using velocity obstacles},
  author={Fiorini, Paolo and Shiller, Zvi},
  journal={The International Journal of Robotics Research},
  volume={17},
  number={7},
  pages={760--772},
  year={1998},
  publisher={SAGE Publications}
}@article{khansari2012dynamical,
  title={A dynamical system approach to realtime obstacle avoidance},
  author={Khansari-Zadeh, Seyed Mohammad and Billard, Aude},
  journal={Autonomous Robots},
  volume={32},
  number={4},
  pages={433--454},
  year={2012},
  publisher={Springer}
}
